@article{Lopez2017,
  title={Mediation Styles and Participants’ Perception of Success in Consultative Councils: The case of Guadalajara, Mexico},
  author={L{\'o}pez Garc{\'\i}a, David},
  journal={Journal of Public Deliberation},
  volume={13},
  number={2},
  pages={10},
  year={2017}
}


@misc{Scholar,
  title = {Google Scholar},
  howpublished = {\url{http://scholar.google.com.sg/}},
  note = {Last Accessed: 1929-10-24}
}

@inproceedings{Perrault2013,
  title={Watchit: simple gestures and eyes-free interaction for wristwatches and bracelets},
  author={Perrault, Simon T and Lecolinet, Eric and Eagan, James and Guiard, Yves},
  booktitle={Proceedings of the SIGCHI Conference on Human Factors in Computing Systems},
  pages={1451--1460},
  year={2013},
  organization={ACM}
}

@inproceedings{Danvy2020,
  author = {Danvy, Olivier},
  title = {Mystery Functions: Making specifications, unit tests, and implementations coexist in the mind of undergraduate students},
  booktitle = {Proceedings of International Symposium on Implementation and Application of Functional Languages},
  year = {2020},
  location = {New York, NY},
  series = {IFL ’19},
  numpages = {8},
  url = {https://doi.org/10.1145/1122445.1122456},
  doi = {10.1145/1122445.1122456},
  publisher = {ACM},
  address = {New York, NY, USA}
}

@misc{ coq-homepage,
  title = {Coq homepage},
  url = {https://coq.inria.fr/},
  lastaccessed ={April 11, 2020},
}

@misc{ emacs-homepage,
  title = {GNU Emacs homepage},
  url = {https://www.gnu.org/software/emacs/further-information.html},
  lastaccessed ={April 11, 2020},
}

@misc{ emacs-lisp-homepage,
  title = {Emacs Lisp homepage},
  url = {https://www.gnu.org/software/emacs/manual/html_node/elisp/},
  lastaccessed ={April 11, 2020},
}


@misc{ pg-homepage,
  title = {Proof General homepage},
  url = {https://proofgeneral.github.io/},
  lastaccessed ={April 11, 2020},
}

Glickstein, Bob. Writing GNU Emacs Extensions. O’reilly Media, Inc., 2010.
@book{glickstein,
  author={Glickstein, Bob},
  title = {Writing GNU Emacs Extensions},
  publisher={O’reilly Media, Inc.},
  year={2010}
}